<?xml version="1.0" encoding="UTF-8"?><collection xmlns="http://www.loc.gov/MARC21/slim"><record><leader>00567nam--2200181-i-4500</leader><controlfield tag="001">000007379</controlfield><controlfield tag="002">20161230</controlfield><controlfield tag="005">20161230201027</controlfield><controlfield tag="008">060222s1000------------r-----000-0-eng-d</controlfield><datafield ind1=" " ind2=" " tag="040"><subfield code="a">IFIN-HH</subfield></datafield><datafield ind1="1" ind2=" " tag="100"><subfield code="a">Beckenbach, Edwin F</subfield><subfield code="e">Ed</subfield></datafield><datafield ind1="1" ind2="0" tag="245"><subfield code="a">Applied combinatorial mathematics</subfield><subfield code="c">George Polya s.a</subfield></datafield><datafield ind1=" " ind2=" " tag="260"><subfield code="a">New York, John Wiley &amp; Sons, Inc., 1964</subfield></datafield><datafield ind1=" " ind2=" " tag="300"><subfield code="a">XIII + 608 P</subfield></datafield><datafield ind1=" " ind2=" " tag="490"><subfield code="a">University Of California Engineering And Physical Sciences Extension Series</subfield></datafield><datafield ind1=" " ind2=" " tag="650"><subfield code="b">Combinatorial Mathematics</subfield></datafield><datafield ind1=" " ind2=" " tag="852"><subfield code="a">22131</subfield><subfield code="c">519.2</subfield></datafield><datafield ind1=" " ind2=" " tag="CAT"><subfield code="a">Sys</subfield><subfield code="c">20100520</subfield><subfield code="h">143752</subfield></datafield></record></collection>